@Manual{R-base,
  title = {R: A Language and Environment for Statistical Computing},
  author = {{R Core Team}},
  organization = {R Foundation for Statistical Computing},
  address = {Vienna, Austria},
  year = {2018},
  url = {https://www.R-project.org/},
}
@Manual{R-covstatis,
  title = {covstatis: covSTATIS},
  author = {Jenny Rieck and Derek Beaton},
  note = {R package version 0.1.0.0},
}
@Manual{R-dplyr,
  title = {dplyr: A Grammar of Data Manipulation},
  author = {Hadley Wickham and Romain François and Lionel Henry and Kirill Müller},
  year = {2018},
  note = {R package version 0.7.6},
  url = {https://CRAN.R-project.org/package=dplyr},
}
@Article{R-ExPosition,
  title = {An {ExPosition} of multivariate analysis with the singular value decomposition in {R}.},
  author = {Derek Beaton and Cherise R. Chin Fatt and Herve Abdi},
  journal = {Computational Statistics & Data Analysis },
  volume = {72},
  number = {0},
  pages = {176 - 189},
  year = {2014},
  issn = {0167-9473},
  doi = {10.1016/j.csda.2013.11.006},
  url = {http://www.sciencedirect.com/science/article/pii/S0167947313004441},
}
@Manual{R-factoextra,
  title = {factoextra: Extract and Visualize the Results of Multivariate Data Analyses},
  author = {Alboukadel Kassambara and Fabian Mundt},
  year = {2017},
  note = {R package version 1.0.5},
  url = {https://CRAN.R-project.org/package=factoextra},
}
@Manual{R-forcats,
  title = {forcats: Tools for Working with Categorical Variables (Factors)},
  author = {Hadley Wickham},
  year = {2018},
  note = {R package version 0.3.0},
  url = {https://CRAN.R-project.org/package=forcats},
}
@Book{R-ggplot2,
  author = {Hadley Wickham},
  title = {ggplot2: Elegant Graphics for Data Analysis},
  publisher = {Springer-Verlag New York},
  year = {2016},
  isbn = {978-3-319-24277-4},
  url = {http://ggplot2.org},
}
@Manual{R-gridExtra,
  title = {gridExtra: Miscellaneous Functions for "Grid" Graphics},
  author = {Baptiste Auguie},
  year = {2017},
  note = {R package version 2.3},
  url = {https://CRAN.R-project.org/package=gridExtra},
}
@Manual{R-GSVD,
  title = {GSVD: The generalized singular value decomposition},
  author = {Derek Beaton},
  note = {R package version 0.2.0},
}
@Manual{R-here,
  title = {here: A Simpler Way to Find Your Files},
  author = {Kirill Müller},
  year = {2017},
  note = {R package version 0.1},
  url = {https://CRAN.R-project.org/package=here},
}
@Manual{R-kableExtra,
  title = {kableExtra: Construct Complex Table with 'kable' and Pipe Syntax},
  author = {Hao Zhu},
  year = {2018},
  note = {R package version 0.9.0},
  url = {https://CRAN.R-project.org/package=kableExtra},
}
@Book{R-knitr,
  title = {Dynamic Documents with {R} and knitr},
  author = {Yihui Xie},
  publisher = {Chapman and Hall/CRC},
  address = {Boca Raton, Florida},
  year = {2015},
  edition = {2nd},
  note = {ISBN 978-1498716963},
  url = {https://yihui.name/knitr/},
}
@Manual{R-ours,
  title = {ours: OUtliers and Robust Structures},
  author = {Kelly Sunderland and Derek Beaton},
  note = {R package version 0.0.0.9000},
}
@Manual{R-papaja,
  author = {Frederik Aust and Marius Barth},
  title = {{papaja}: {Create} {APA} manuscripts with {R Markdown}},
  year = {2018},
  note = {R package version 0.1.0.9842},
  url = {https://github.com/crsh/papaja},
}
@Article{R-prettyGraphs,
  title = {An {ExPosition} of multivariate analysis with the singular value decomposition in {R}.},
  author = {Derek Beaton and Cherise R. Chin Fatt and Herve Abdi},
  journal = {Computational Statistics & Data Analysis },
  volume = {72},
  number = {0},
  pages = {176 - 189},
  year = {2014},
  issn = {0167-9473},
  doi = {10.1016/j.csda.2013.11.006},
  url = {http://www.sciencedirect.com/science/article/pii/S0167947313004441},
}
@Manual{R-purrr,
  title = {purrr: Functional Programming Tools},
  author = {Lionel Henry and Hadley Wickham},
  year = {2018},
  note = {R package version 0.2.5},
  url = {https://CRAN.R-project.org/package=purrr},
}
@Manual{R-readr,
  title = {readr: Read Rectangular Text Data},
  author = {Hadley Wickham and Jim Hester and Romain Francois},
  year = {2017},
  note = {R package version 1.1.1},
  url = {https://CRAN.R-project.org/package=readr},
}
@Manual{R-reticulate,
  title = {reticulate: Interface to 'Python'},
  author = {JJ Allaire and Kevin Ushey and Yuan Tang},
  year = {2018},
  note = {R package version 1.9},
  url = {https://CRAN.R-project.org/package=reticulate},
}
@Manual{R-RevoUtils,
  title = {RevoUtils: Microsoft R Utility Package},
  author = {Microsoft Corporation},
  year = {2018},
  note = {R package version 11.0.1},
}
@Manual{R-RevoUtilsMath,
  title = {RevoUtilsMath: Microsoft R Services Math Utilities Package},
  author = {Microsoft Corporation},
  year = {2018},
  note = {R package version 11.0.0},
}
@Manual{R-stringr,
  title = {stringr: Simple, Consistent Wrappers for Common String Operations},
  author = {Hadley Wickham},
  year = {2018},
  note = {R package version 1.3.1},
  url = {https://CRAN.R-project.org/package=stringr},
}
@Manual{R-tibble,
  title = {tibble: Simple Data Frames},
  author = {Kirill Müller and Hadley Wickham},
  year = {2018},
  note = {R package version 1.4.2},
  url = {https://CRAN.R-project.org/package=tibble},
}
@Manual{R-tidyr,
  title = {tidyr: Easily Tidy Data with 'spread()' and 'gather()' Functions},
  author = {Hadley Wickham and Lionel Henry},
  year = {2018},
  note = {R package version 0.8.1},
  url = {https://CRAN.R-project.org/package=tidyr},
}
@Manual{R-tidyverse,
  title = {tidyverse: Easily Install and Load the 'Tidyverse'},
  author = {Hadley Wickham},
  year = {2017},
  note = {R package version 1.2.1},
  url = {https://CRAN.R-project.org/package=tidyverse},
}
